@book{Thrun,
 author = {Thrun, Sebastian and Burgard, Wolfram and Fox, Dieter},
 title = {Probabilistic Robotics (Intelligent Robotics and Autonomous Agents)},
 year = {2005},
 isbn = {0262201623},
 publisher = {The MIT Press},
} 

@book{Robotics,
 author = {Siegwart, Roland and Nourbakhsh, Illah R.},
 title = {Introduction to Autonomous Mobile Robots},
 year = {2004},
 isbn = {026219502X},
 publisher = {Bradford Company},
 address = {Scituate, MA, USA},
} 

@misc{genetic,
 author = {Whitley, Darrell},
 title = {A Genetic Algorithm Tutorial},
 address = {Colorado State University, USA}
} 

@misc{Bayes,
 author = {Ekvall,Staffan},
 title = {DD2431 Machine Learning. Lab 3: Bayes Classifier and Boosting}
} 

@misc{Applied,
 author = {Folkesson,John},
 title = {Applied Estimation (EL2320)  Lab 1 EKF}
} 